% Encoding: UTF-8

@MISC{wef2022,
    title={The Global Risks Report 2022},
    author={{World Economic Forum}},
    year={2022},
    url={https://www3.weforum.org/docs/WEF_The_Global_Risks_Report_2022.pdf},
    urlaccessdate={05 jan. 2023}
}

@INPROCEEDINGS{pocock2014,
    title={OPC UA security — How it works},
    author={N. Pocock and D. Kominek and P. Hunkar},
    year={2014},
    publisher={Microsoft Conference Center},
    pages={54},
    url={https://opcfoundation.org/wp-content/uploads/2014/08/11_OPC_UA_Security_How_It_Works.pdf},
    urlaccessdate={07 jan. 2023},
}

@ARTICLE{yassine2021,
    author={Yassine, Maleh},
    title={{IT/OT convergence and cybersecurity}},
    year={2021},
    month={07},
    journal={Computer Fraud \& Security},
    url={https://www.researchgate.net/publication/352330231_ITOT_convergence_and_cybersecurity/link/61c76a19d450060816686975/download},
    urlaccessdate={12 jan. 2023}
}

@BOOK{lange2010,
    title={OPC: From Data Access to Unified Architecture},
    author={Lange, J. and Iwanitz, F. and Burke, T.J.},
    isbn={9783800732425},
    year={2010},
    publisher={VDE-Verlag},
    url={https://books.google.com.br/books?id=UrlDbwAACAAJ},
    urlaccessdate={15 jan. 2023}
}

@PHDTHESIS{turcato2020,
    author={Afonso Celso Turcato}, 
    title={Desenvolvimento de método para detecção de intrusão em redes PROFINET baseado em técnicas de Aprendizado de Máquina},
    school={Escola de Engenharia de São Carlos},
    year={2020},
    address={Universidade de São Paulo, São Carlos},
    doi={doi:10.11606/T.18.2020.tde-16072021-172236}
}

@INPROCEEDINGS{rahadian2022,
    author={Rahadian, Helmy and Bandong, Steven and Widyotriatmo, Augie and Joelianto, Endra},
    booktitle={2022 7th International Conference on Electric Vehicular Technology (ICEVT)}, 
    title={Open Source OPC UA Data Traffic Characteristic and Anomaly Detection using Image-Encoding based Convolutional Neural Network}, 
    year={2022},
    volume={},
    number={},
    pages={52-59},
    doi={10.1109/ICEVT55516.2022.9925002}
}

@BOOK{stavroulakis2010,
    title={Handbook of information and communication security},
    author={Stavroulakis, Peter and Stamp, Mark},
    year={2010},
    publisher={Springer Science \& Business Media}
}

@ARTICLE{liao2013,
    title={Intrusion detection system: A comprehensive review},
    journal={Journal of Network and Computer Applications},
    volume={36},
    number={1},
    pages={16-24},
    year={2013},
    issn={1084-8045},
    doi={https://doi.org/10.1016/j.jnca.2012.09.004},
    url={https://www.sciencedirect.com/science/article/pii/S1084804512001944},
    author={Hung-Jen Liao and Chun-Hung {Richard Lin} and Ying-Chih Lin and Kuang-Yuan Tung},
    keywords={Intrusion detection, Anomaly, Misuse},
    abstract={With the increasing amount of network throughput and security threat, the study of intrusion detection systems (IDSs) has received a lot of attention throughout the computer science field. Current IDSs pose challenges on not only capricious intrusion categories, but also huge computational power. Though there is a number of existing literatures to IDS issues, we attempt to give a more elaborate image for a comprehensive review. Through the extensive survey and sophisticated organization, we propose the taxonomy to outline modern IDSs. In addition, tables and figures we summarized in the content contribute to easily grasp the overall picture of IDSs.}
}

@ARTICLE{xin2018,
    author={Xin, Yang and Kong, Lingshuang and Liu, Zhi and Chen, Yuling and Li, Yanmiao and Zhu, Hongliang and Gao, Mingcheng and Hou, Haixia and Wang, Chunhua},
    journal={IEEE Access}, 
    title={Machine Learning and Deep Learning Methods for Cybersecurity}, 
    year={2018},
    volume={6},
    number={},
    pages={35365-35381},
    doi={10.1109/ACCESS.2018.2836950}
}

@INPROCEEDINGS{tian2019,
    author={Tian, Shuo and Hu, Yihong},
    booktitle={2019 Chinese Automation Congress (CAC)}, 
    title={The Role of OPC UA TSN in IT and OT Convergence}, 
    year={2019},
    volume={},
    number={},
    pages={2272-2276},
    doi={10.1109/CAC48633.2019.8996645}
}

@INPROCEEDINGS{garimella2018,
    author={Garimella, Phani Kumar},
    booktitle={2018 IEEE 3rd International Conference on Computing, Communication and Security (ICCCS)}, 
    title={IT-OT Integration Challenges in Utilities}, 
    year={2018},
    volume={},
    number={},
    pages={199-204},
    doi={10.1109/CCCS.2018.8586807}
}

@INPROCEEDINGS{anton2019,
    author={Anton, Simon D. Duque and Sinha, Sapna and Dieter Schotten, Hans},
    booktitle={2019 International Conference on Software, Telecommunications and Computer Networks (SoftCOM)}, 
    title={Anomaly-based Intrusion Detection in Industrial Data with SVM and Random Forests}, 
    year={2019},
    volume={},
    number={},
    pages={1-6},
    doi={10.23919/SOFTCOM.2019.8903672}
}

@INPROCEEDINGS{pinto2020,
    author={Pinto, Rui and Gonçalves, Gil and Tovar, Eduardo and Delsing, Jerker},
    booktitle={2020 25th IEEE International Conference on Emerging Technologies and Factory Automation (ETFA)}, 
    title={Attack Detection in Cyber-Physical Production Systems using the Deterministic Dendritic Cell Algorithm}, 
    year={2020},
    volume={1},
    number={},
    pages={1552-1559},
    doi={10.1109/ETFA46521.2020.9212021}
}

@INPROCEEDINGS{bhardwaj2017,
    author={Bhardwaj, Shubham and Larbig, Pedro and Khondoker, Rahamatullah and Bayarou, Kpatcha},
    booktitle={2017 20th International Conference of Computer and Information Technology (ICCIT)}, 
    title={Survey of domain specific languages to build packet parsers for industrial protocols}, 
    year={2017},
    volume={},
    number={},
    pages={1-6},
    doi={10.1109/ICCITECHN.2017.8281842}
}

@INPROCEEDINGS{soller2021,
    author={Soller, Sebastian and Fleischmann, Bastian and Kranz, Matthias and Hölzl, Gerold},
    booktitle={2021 IEEE International Conference on Pervasive Computing and Communications Workshops and other Affiliated Events (PerCom Workshops)}, 
    title={Evaluation and Adaption of Maintenance Prediction Methods in Mixed Production Line Setups based on Anomaly Detection}, 
    year={2021},
    volume={},
    number={},
    pages={520-525},
    doi={10.1109/PerComWorkshops51409.2021.9430995}
}

@INPROCEEDINGS{graube2017,
    author={Graube, Markus and Hensel, Stephan and Iatrou, Chris and Urbas, Leon},
    booktitle={2017 22nd IEEE International Conference on Emerging Technologies and Factory Automation (ETFA)}, 
    title={Information models in OPC UA and their advantages and disadvantages}, 
    year={2017},
    volume={},
    number={},
    pages={1-8},
    doi={10.1109/ETFA.2017.8247691}
}

@ARTICLE{kohnhauser2021,
    author={Kohnhäuser, Florian and Meier, David and Patzer, Florian and Finster, Sören},
    journal={IEEE Access}, 
    title={On the Security of IIoT Deployments: An Investigation of Secure Provisioning Solutions for OPC UA}, 
    year={2021},
    volume={9},
    number={},
    pages={99299-99311},
    doi={10.1109/ACCESS.2021.3096062}
}

@INPROCEEDINGS{hazell2022,
    author={Hazell, P. and Lu, J.},
    booktitle={2022 UKACC 13th International Conference on Control (CONTROL)}, 
    title={Exploring How The Unique Behaviours Of Industrial Control System Networks Can Be Applied To Enhance Intrusion Prevention}, 
    year={2022},
    volume={},
    number={},
    pages={38-44},
    doi={10.1109/Control55989.2022.9781374}
}

@INPROCEEDINGS{matsuda2021,
    author={Matsuda, Wataru and Fujimoto, Mariko and Hashimoto, Yoshihiro and Mitsunaga, Takuho},
    booktitle={2021 IEEE International Conference on Omni-Layer Intelligent Systems (COINS)}, 
    title={Cyber Security Risks of Technical Components in Industry 4.0}, 
    year={2021},
    volume={},
    number={},
    pages={1-7},
    doi={10.1109/COINS51742.2021.9524088}
}

@MISC{access2023,
    title={IEEE Access},
    author={IEEE},
    year={2023},
    url={https://ieeexplore.ieee.org/xpl/aboutJournal.jsp?punumber=6287639},
    urlaccessdate={15 abr. 2023}
}

@MISC{industryarc2023,
    title={OPC-UA Network Market - Forecast(2023 - 2028)},
    author={IndustryARC},
    year={2023},
    url={https://www.industryarc.com/Report/19409/opc-ua-network-market.html},
    urlaccessdate={24 abr. 2023}
}

@ARTICLE{dina2021,
    title = {Intrusion detection based on Machine Learning techniques in computer networks},
    journal = {Internet of Things},
    volume = {16},
    pages = {100462},
    year = {2021},
    issn = {2542-6605},
    doi = {https://doi.org/10.1016/j.iot.2021.100462},
    url = {https://www.sciencedirect.com/science/article/pii/S2542660521001037},
    author = {Ayesha S. Dina and D. Manivannan},
}

@ARTICLE{persson2015,
    title = {A Communication Protocol for Different Communication Technologies in Cyber-Physical Systems},
    journal = {Procedia Computer Science},
    volume = {60},
    pages = {1697-1706},
    year = {2015},
    note = {Knowledge-Based and Intelligent Information \& Engineering Systems 19th Annual Conference, KES-2015, Singapore, September 2015 Proceedings},
    issn = {1877-0509},
    doi = {https://doi.org/10.1016/j.procs.2015.08.279},
    url = {https://www.sciencedirect.com/science/article/pii/S1877050915024060},
    author = {Mathias Persson and Anne Hakansson}
}

@INPROCEEDINGS{trotta2018,
    title={Industry 4.0 key research topics: A bibliometric review},
    author={Trotta, Dennis and Garengo, Patrizia},
    booktitle={2018 7th international conference on industrial technology and management (ICITM)},
    pages={113-117},
    year={2018},
    organization={IEEE}
}

@INPROCEEDINGS{markel2017,
    author={Iglesias-Urkia, Markel and Orive, Adrian and Barcelo, Marc and Moran, Adrian and Bilbao, Josu and Urbieta, Aitor},
    booktitle={2017 IEEE International Workshop of Electronics, Control, Measurement, Signals and their Application to Mechatronics (ECMSM)}, 
    title={Towards a lightweight protocol for Industry 4.0: An implementation based benchmark}, 
    year={2017},
    volume={},
    number={},
    pages={1-6},
    doi={10.1109/ECMSM.2017.7945894}
}

@ARTICLE{michael2016,
    author={Weyrich, Michael and Ebert, Christof},
    journal={IEEE Software}, 
    title={Reference Architectures for the Internet of Things}, 
    year={2016},
    volume={33},
    number={1},
    pages={112-116},
    doi={10.1109/MS.2016.20}
}

@INPROCEEDINGS{huichao2020,
    author={Shi, Huichao and Niu, Li and Sun, Jinhao},
    booktitle={2020 IEEE International Conference on Artificial Intelligence and Computer Applications (ICAICA)}, 
    title={Construction of Industrial Internet of Things Based on MQTT and OPC UA Protocols}, 
    year={2020},
    volume={},
    number={},
    pages={1263-1267},
    doi={10.1109/ICAICA50127.2020.9182598}
}

@ARTICLE{bandyopadhyay2011,
    title={Internet of things: Applications and challenges in technology and standardization},
    author={Bandyopadhyay, Debasis and Sen, Jaydip},
    journal={Wireless personal communications},
    volume={58},
    pages={49--69},
    year={2011},
    publisher={Springer}
}
‌
@MISC{opc2022,
    title={OPC UA Online Reference - released specifications 2022},
    author={{OPC Foundation}},
    year={2022},
    url={https://reference.opcfoundation.org/}, journal={Opcfoundation.org},
    urlaccessdate={06 maio 2023}
}

@INPROCEEDINGS{han2022,
    author={Han, Dantao and Gong, Yanjie and Xu, Daqian},
    booktitle={2022 IEEE Asia-Pacific Conference on Image Processing, Electronics and Computers (IPEC)}, 
    title={Research on Key Technologies of OPC UA Standard and Test}, 
    year={2022},
    volume={},
    number={},
    pages={95-98},
    doi={10.1109/IPEC54454.2022.9777611}
}

@MISC{opc2019,
    title={Unified Architecture - OPC Foundation},
    author={{OPC Foundation}},
    year={2019},
    url={https://opcfoundation.org/about/opc-technologies/opc-ua/},
    urlaccessdate={05 maio 2023}
}

@INPROCEEDINGS{lu2010,
    author={Lu, Huiming and Yan Zhifeng},
    booktitle={2010 2nd International Conference on Advanced Computer Control}, 
    title={Research on key technology of the address space for OPC UA Server}, 
    year={2010},
    volume={3},
    number={},
    pages={278-281},
    doi={10.1109/ICACC.2010.5486620}
}

@INPROCEEDINGS{mohagheghi2009,
    author={Mohagheghi, S. and Stoupis, J. and Wang, Z.},
    booktitle={2009 IEEE/PES Power Systems Conference and Exposition}, 
    title={Communication protocols and networks for power systems-current status and future trends}, 
    year={2009},
    volume={},
    number={},
    pages={1-9},
    doi={10.1109/PSCE.2009.4840174}
}

@INPROCEEDINGS{schwarz2013,
    author={Schwarz, M. H. and Börcsök, J.},
    booktitle={2013 XXIV International Conference on Information, Communication and Automation Technologies (ICAT)}, 
    title={A survey on OPC and OPC-UA: About the standard, developments and investigations}, 
    year={2013},
    volume={},
    number={},
    pages={1-6},
    doi={10.1109/ICAT.2013.6684065}
}

@INPROCEEDINGS{neumann2015,
    author={Neumann, Arne and Wisniewski, Lukasz and Givehchi, Omid and Jasperneite, Juergen},
    year={2015},
    month={09},
    pages={},
    title={Utilizing OPC UA as comprehensive communication technology for Cyber Physical Production Systems}
}

@INPROCEEDINGS{gong2020,
    author={Gong, Yanjie and Wang, Zhen and Han, Dantao},
    booktitle={2020 IEEE Conference on Telecommunications, Optics and Computer Science (TOCS)}, 
    title={OPC UA Information Modeling Method and Xml Definition}, 
    year={2020},
    volume={},
    number={},
    pages={328-331},
    doi={10.1109/TOCS50858.2020.9339612}
}

@INPROCEEDINGS{ren2019,
    author={Ren, Hui and Liu, Yang and Wang, Huiqin},
    booktitle={2019 IEEE/ACIS 18th International Conference on Computer and Information Science (ICIS)}, 
    title={Research on Communication Method of OPC UA Client Based on ARM}, 
    year={2019},
    volume={},
    number={},
    pages={52-56},
    doi={10.1109/ICIS46139.2019.8940214}
}

@INPROCEEDINGS{wiboonrat2022,
    author={Wiboonrat, Montri},
    booktitle={IECON 2022 – 48th Annual Conference of the IEEE Industrial Electronics Society}, 
    title={Cybersecurity in Industrial Control Systems: An integration of information technology and operational technology}, 
    year={2022},
    volume={},
    number={},
    pages={1-6},
    doi={10.1109/IECON49645.2022.9968468}
}

@MISC{nytimes2021,
    title={Cyberattack Forces a Shutdown of a Top U.S. Pipeline},
    author={David E. Sanger and Clifford Krauss and Nicole Perlroth},
    year={2021},
    url={https://www.nytimes.com/2021/05/08/us/politics/cyberattack-colonial-pipeline.html}, 
    journal={The New York Times},
    urlaccessdate={20 maio 2023}
}

@MISC{hall2021, 
    title={A hacker tried to poison the water supply in a Florida town of 15,000},
    url={https://www.businessinsider.com/hacker-tried-to-poison-water-supply-in-oldsmar-florida-2021-2},
    journal={Business Insider},
    publisher={Insider},
    author={Hall, Madison},
    year={2021},
    urlaccessdate={20 maio 2023}
}

@ARTICLE{sayfayn2017, 
    title={Cybersafety Analysis of the Maroochy Shire Sewage Spill}, 
    url={https://web.mit.edu/smadnick/www/wp/2017-09.pdf}, 
    author={Sayfayn, Nabil and Madnick, Stuart}, 
    year={2017}
}

@MISC{nytimes2003,
    title={The Blackout of 2003: The Overview},
    author={James Barron},
    url={https://www.nytimes.com/2003/08/15/nyregion/blackout-2003-overview-power-surge-blacks-northeast-hitting-cities-8-states.html},
    journal={The New York Times},
    year={2003},
    urlaccessdate={21 maio 2023}
}

@ARTICLE{schneier2013, 
    title={“The definitive analysis of Stuxnet” To Kill a Centrifuge A Technical Analysis of What Stuxnet’s Creators Tried to Achieve},
    url={https://www.langner.com/wp-content/uploads/2017/03/to-kill-a-centrifuge.pdf},
    author={Schneier, Bruce and Langner, Ralph},
    year={2013}
}

@MISC{cbc2016,
    title={Cyberattack That Crippled Ukrainian Power Grid Was Highly Coordinated},
    author={Thomson Reuters},
    url={https://www.cbc.ca/news/science/ukraine-cyberattack-1.3398492},
    journal={CBC},
    year={2016},
    urlaccessdate={20 maio 2023}
}
‌
@INPROCEEDINGS{kaouk2019,
    author={Kaouk, Mohamad and Flaus, Jean-Marie and Potet, Marie-Laure and Groz, Roland},
    booktitle={2019 6th International Conference on Control, Decision and Information Technologies (CoDIT)}, 
    title={A Review of Intrusion Detection Systems for Industrial Control Systems}, 
    year={2019},
    volume={},
    number={},
    pages={1699-1704},
    doi={10.1109/CoDIT.2019.8820602}
}
‌
‌@MISC{nytimes2012,
    title={In Cyberattack on Saudi Firm, U.S. Sees Iran Firing Back},
    author={Nicole Perlroth},
    url={https://www.nytimes.com/2012/10/24/business/global/cyberattack-on-saudi-oil-firm-disquiets-us.html},
    journal={The New York Times},
    year={2012},
    urlaccessdate={22 maio 2023}
}
‌
@MISC{kaspersky2023,
    title={Threat Landscape for Industrial Automation Systems - Statistics for H2 2022},
    author={{Kaspersky ICS CERT}},
    url={https://ics-cert.kaspersky.com/publications/reports/2023/03/06/threat-landscape-for-industrial-automation-systems-statistics-for-h2-2022/},
    year={2023},
    month={Mar},
    urlaccessdate={26 maio 2023}
}

@INPROCEEDINGS{huang2010,
    author={Huang, Renjie and Liu, Feng and Pan, Dongbo},
    booktitle={2010 5th IEEE Conference on Industrial Electronics and Applications}, 
    title={Research on OPC UA security}, 
    year={2010},
    volume={},
    number={},
    pages={1439-1444},
    doi={10.1109/ICIEA.2010.5514836}
}
‌
@INPROCEEDINGS{baybulatov2022,
    author={Baybulatov, A.A. and Promyslov, V.G.},
    booktitle={2022 International Russian Automation Conference (RusAutoCon)}, 
    title={A Metric for the IACS Availability Risk Assessment}, 
    year={2022},
    volume={},
    number={},
    pages={750-754},
    doi={10.1109/RusAutoCon54946.2022.9896250}
}

@INPROCEEDINGS{li2020,
    author={Li, Yang},
    booktitle={2020 International Conference on Computer Communication and Network Security (CCNS)}, 
    title={A Vulnerability Risk Assessment Method for Industrial Control System}, 
    year={2020},
    volume={},
    number={},
    pages={146-152},
    doi={10.1109/CCNS50731.2020.00040}
}

@INPROCEEDINGS{maidl2021,
    author={Maidl, Monika and Kröselberg, Dirk and Zhao, Tiange and Limmer, Tobias},
    booktitle={2021 IEEE International Symposium on Software Reliability Engineering Workshops (ISSREW)}, 
    title={System-specific risk rating of software vulnerabilities in industrial automation \& control systems}, 
    year={2021},
    volume={},
    number={},
    pages={327-332},
    doi={10.1109/ISSREW53611.2021.00097}
}

@INPROCEEDINGS{graham2016,
    author={Graham, James and Hieb, Jeffrey and Naber, John},
    booktitle={2016 IEEE 25th International Symposium on Industrial Electronics (ISIE)}, 
    title={Improving cybersecurity for Industrial Control Systems}, 
    year={2016},
    volume={},
    number={},
    pages={618-623},
    doi={10.1109/ISIE.2016.7744960}
}

@INPROCEEDINGS{shi2021,
    author={Shi, Peng and Chen, Xuebing and Kong, Xiangying and Cao, Xianghui},
    booktitle={2021 36th Youth Academic Annual Conference of Chinese Association of Automation (YAC)}, 
    title={SE-IDS: A Sample Equalization Method for Intrusion Detection in Industrial Control System}, 
    year={2021},
    volume={},
    number={},
    pages={189-195},
    doi={10.1109/YAC53711.2021.9486601}
}

@ARTICLE{anderson1980,
    title={Computer security threat monitoring and surveillance},
    author={Anderson, James P.},
    url={https://csrc.nist.gov/csrc/media/publications/conference-paper/1998/10/08/proceedings-of-the-21st-nissc-1998/documents/early-cs-papers/ande80.pdf},
    journal={The New York Times},
    year={1980},
    urlaccessdate={26 maio 2023}
}

@ARTICLE{rosa2021,
    title = {Intrusion and anomaly detection for the next-generation of industrial automation and control systems},
    journal = {Future Generation Computer Systems},
    volume = {119},
    pages = {50-67},
    year = {2021},
    issn = {0167-739X},
    doi = {https://doi.org/10.1016/j.future.2021.01.033},
    url = {https://www.sciencedirect.com/science/article/pii/S0167739X21000431},
    author = {Luis Rosa and Tiago Cruz and Miguel Borges de Freitas and Pedro Quitério and João Henriques and Filipe Caldeira and Edmundo Monteiro and Paulo Simões}
}

@article{corallo2022,
    title = {Cybersecurity awareness in the context of the Industrial Internet of Things: A systematic literature review},
    journal = {Computers in Industry},
    volume = {137},
    pages = {103614},
    year = {2022},
    issn = {0166-3615},
    doi = {https://doi.org/10.1016/j.compind.2022.103614},
    url = {https://www.sciencedirect.com/science/article/pii/S0166361522000094},
    author = {Angelo Corallo and Mariangela Lazoi and Marianna Lezzi and Angela Luperto}
}

@MISC{kaspersky2022, 
    title={What is a Zero-day Attack? - Definition and Explanation},
    url={https://www.kaspersky.com/resource-center/definitions/zero-day-exploit},
    author={Kaspersky},
    year={2022},
    urlaccessdate={26 maio 2023}
}

‌@BOOK{wang2009,
    author={Wang, Jie},
    year={2009},
    month={01},
    pages={},
    title={Computer Network Security: Theory and Practice},
    isbn={978-3-540-79697-8},
    doi={10.1007/978-3-540-79698-5}
}

@ARTICLE{efe2020,
    author={Efe, Ahmet},
    year={2020},
    month={12},
    pages={},
    title={AN ASSESSMENT OVER THE INTRUSION DETECTION AND PREVENTION SYSTEMS FOR MIS IN THE CLOUD COMPUTING ENVIRONMENT},
    journal={Uluslararası Yönetim Bilişim Sistemleri ve Bilgisayar Bilimleri Dergisi}
}

@INPROCEEDINGS{tsang2005,
    author={Chi-Ho Tsang and Kwong, S.},
    booktitle={2005 IEEE International Conference on Industrial Technology}, 
    title={Multi-agent intrusion detection system in industrial network using ant colony clustering approach and unsupervised feature extraction}, 
    year={2005},
    volume={},
    number={},
    pages={51-56},
    doi={10.1109/ICIT.2005.1600609}
}

@ARTICLE{yang2008,
    author={Yang, Dayu and Usynin, Alexander and Hines, J.},
    year={2008},
    month={07},
    pages={},
    title={Anomaly-Based Intrusion Detection for SCADA Systems}
}

@INPROCEEDINGS{cheung2007,
    author={Steven Cheung and Bruno Dutertre and Martin Fong and Ulf Lindqvist and Keith Skinner and Alfonso Valdes},
    title={Using Model-based Intrusion Detection for SCADA Networks},
    booktitle={Proceedings of the SCADA Security Scientific Symposium},
    address={Miami Beach, Florida},
    year={2007},
    month={jan}
}

@INPROCEEDINGS{valdes2009,
    author={Valdes, Alfonso and Cheung, Steven},
    booktitle={2009 IEEE Conference on Technologies for Homeland Security}, 
    title={Communication pattern anomaly detection in process control systems}, 
    year={2009},
    volume={},
    number={},
    pages={22-29},
    doi={10.1109/THS.2009.5168010}
}

@INPROCEEDINGS{carcano2010,
    author={Carcano, Andrea and Fovino, Igor Nai and Masera, Marcelo and Trombetta, Alberto},
    editor={Rome, Erich and Bloomfield, Robin},
    title={State-Based Network Intrusion Detection Systems for SCADA Protocols: A Proof of Concept},
    booktitle={Critical Information Infrastructures Security},
    year={2010},
    publisher={Springer Berlin Heidelberg},
    address={Berlin, Heidelberg},
    pages={138--150},
}

@INPROCEEDINGS{linda2009,
    author={Linda, Ondrej and Vollmer, Todd and Manic, Milos},
    booktitle={2009 International Joint Conference on Neural Networks}, 
    title={Neural Network based Intrusion Detection System for critical infrastructures}, 
    year={2009},
    volume={},
    number={},
    pages={1827-1834},
    doi={10.1109/IJCNN.2009.5178592}
}

@INPROCEEDINGS{dussel2010,
    author={D{\"u}ssel, Patrick and Gehl, Christian and Laskov, Pavel and Bu{\ss}er, Jens-Uwe and St{\"o}rmann, Christof and K{\"a}stner, Jan},
    editor={Rome, Erich and Bloomfield, Robin},
    title={Cyber-Critical Infrastructure Protection Using Real-Time Payload-Based Anomaly Detection},
    booktitle={Critical Information Infrastructures Security},
    year={2010},
    publisher={Springer Berlin Heidelberg},
    address={Berlin, Heidelberg},
    pages={85--97},
}

@INPROCEEDINGS{hadeli2009,
    author={Hadeli, Hadeli and Schierholz, Ragnar and Braendle, Markus and Tuduce, Cristian},
    booktitle={2009 IEEE Conference on Emerging Technologies \& Factory Automation}, 
    title={Leveraging determinism in industrial control systems for advanced anomaly detection and reliable security configuration}, 
    year={2009},
    volume={},
    number={},
    pages={1-8},
    doi={10.1109/ETFA.2009.5347134}
}

@INPROCEEDINGS{wei2010,
    author={Wei Gao and Morris, Thomas and Reaves, Bradley and Richey, Drew},
    booktitle={2010 eCrime Researchers Summit}, 
    title={On SCADA control system command and response injection and intrusion detection}, 
    year={2010},
    volume={},
    number={},
    pages={1-9},
    doi={10.1109/ecrime.2010.5706699}
}

@INPROCEEDINGS{linda2011,
    author={Linda, Ondrej and Manic, Milos and Vollmer, Todd and Wright, Jason},
    booktitle={2011 IEEE Symposium on Computational Intelligence in Cyber Security (CICS)}, 
    title={Fuzzy logic based anomaly detection for embedded network security cyber sensor}, 
    year={2011},
    volume={},
    number={},
    pages={202-209},
    doi={10.1109/CICYBS.2011.5949392}
}

@ARTICLE{carcano2011,
    author={Carcano, A. and Coletta, A. and Guglielmi, M. and Masera, M. and Nai Fovino, I. and Trombetta, A.},
    journal={IEEE Transactions on Industrial Informatics}, 
    title={A Multidimensional Critical State Analysis for Detecting Intrusions in SCADA Systems}, 
    year={2011},
    volume={7},
    number={2},
    pages={179-186},
    doi={10.1109/TII.2010.2099234}
}

@INPROCEEDINGS{cardenas2011,
    author={Cardenas, Alvaro A. and Amin, Saurabh and Lin, Zong-Syun and Huang, Yu-Lun and Huang, Chi-Yen and Sastry, Shankar},
    title={Attacks against Process Control Systems: Risk Assessment, Detection, and Response},
    year={2011},
    isbn={9781450305648},
    publisher={Association for Computing Machinery},
    address={New York, NY, USA},
    url={https://doi.org/10.1145/1966913.1966959},
    doi={10.1145/1966913.1966959},
    pages={355–366},
    numpages={12},
    location={Hong Kong, China},
    series={ASIACCS '11}
}

@INPROCEEDINGS{lin2013,
    author={Lin, Hui and Slagell, Adam and Di Martino, Catello and Kalbarczyk, Zbigniew and Iyer, Ravishankar K.},
    title={Adapting Bro into SCADA: Building a Specification-Based Intrusion Detection System for the DNP3 Protocol},
    year={2013},
    isbn={9781450316873},
    publisher={Association for Computing Machinery},
    address={New York, NY, USA},
    url={https://doi.org/10.1145/2459976.2459982},
    doi={10.1145/2459976.2459982},
    articleno={5},
    numpages={4},
    location={Oak Ridge, Tennessee, USA},
    series={CSIIRW '13}
}

@INPROCEEDINGS{lin2013b,
    author={Lin, Hui and Slagell, Adam and Kalbarczyk, Zbigniew and Sauer, Peter W. and Iyer, Ravishankar K.},
    title={Semantic Security Analysis of SCADA Networks to Detect Malicious Control Commands in Power Grids},
    year={2013},
    isbn={9781450324922},
    publisher={Association for Computing Machinery},
    address={New York, NY, USA},
    url={https://doi.org/10.1145/2516930.2516947},
    doi={10.1145/2516930.2516947},
    booktitle={Proceedings of the First ACM Workshop on Smart Energy Grid Security},
    pages={29–34},
    numpages={6},
    location={Berlin, Germany},
    series={SEGS '13}
}

@INPROCEEDINGS{hadvziosmanovic2014,
    author={Hadziosmanovi\'{c}, Dina and Sommer, Robin and Zambon, Emmanuele and Hartel, Pieter H.},
    title={Through the Eye of the PLC: Semantic Security Monitoring for Industrial Processes},
    year={2014},
    isbn={9781450330053},
    publisher={Association for Computing Machinery},
    address={New York, NY, USA},
    url={https://doi.org/10.1145/2664243.2664277},
    doi={10.1145/2664243.2664277},
    booktitle={Proceedings of the 30th Annual Computer Security Applications Conference},
    pages={126–135},
    numpages={10},
    location={New Orleans, Louisiana, USA},
    series={ACSAC '14}
}

@INPROCEEDINGS{maglaras2014,
    author={Maglaras, Leandros A. and Jiang, Jianmin},
    booktitle={2014 Science and Information Conference}, 
    title={Intrusion detection in SCADA systems using machine learning techniques}, 
    year={2014},
    volume={},
    number={},
    pages={626-631},
    doi={10.1109/SAI.2014.6918252}
}

@ARTICLE{almalawi2014,
    title={An unsupervised anomaly-based detection approach for integrity attacks on SCADA systems},
    journal={Computers \& Security},
    volume={46},
    pages={94-110},
    year={2014},
    issn={0167-4048},
    doi={https://doi.org/10.1016/j.cose.2014.07.005},
    url={https://www.sciencedirect.com/science/article/pii/S0167404814001072},
    author={Abdulmohsen Almalawi and Xinghuo Yu and Zahir Tari and Adil Fahad and Ibrahim Khalil},
}

@ARTICLE{zhou2015,
    author={Zhou, Chunjie and Huang, Shuang and Xiong, Naixue and Yang, Shuang-Hua and Li, Huiyun and Qin, Yuanqing and Li, Xuan},
    journal={IEEE Transactions on Systems, Man, and Cybernetics: Systems}, 
    title={Design and Analysis of Multimodel-Based Anomaly Intrusion Detection Systems in Industrial Process Automation}, 
    year={2015},
    volume={45},
    number={10},
    pages={1345-1360},
    doi={10.1109/TSMC.2015.2415763}
}

@INPROCEEDINGS{caseli2015,
    author={Caselli, Marco and Zambon, Emmanuele and Kargl, Frank},
    title={Sequence-Aware Intrusion Detection in Industrial Control Systems},
    year={2015},
    isbn={9781450334488},
    publisher={Association for Computing Machinery},
    address={New York, NY, USA},
    url={https://doi.org/10.1145/2732198.2732200},
    doi={10.1145/2732198.2732200},
    booktitle={Proceedings of the 1st ACM Workshop on Cyber-Physical System Security},
    pages={13–24},
    numpages={12},
    location={Singapore, Republic of Singapore},
    series={CPSS '15}
}

@ARTICLE{ponomarec2016,
    author={Ponomarev, Stanislav and Atkison, Travis},
    journal={IEEE Transactions on Dependable and Secure Computing}, 
    title={Industrial Control System Network Intrusion Detection by Telemetry Analysis}, 
    year={2016},
    volume={13},
    number={2},
    pages={252-260},
    doi={10.1109/TDSC.2015.2443793}
}

@INPROCEEDINGS{yusheng2017,
    author={Yusheng, Wang and Kefeng, Fan and Yingxu, Lai and Zenghui, Liu and Ruikang, Zhou and Xiangzhen, Yao and Lin, Li},
    booktitle={2017 IEEE 13th International Symposium on Autonomous Decentralized System (ISADS)}, 
    title={Intrusion Detection of Industrial Control System Based on Modbus TCP Protocol}, 
    year={2017},
    volume={},
    number={},
    pages={156-162},
    doi={10.1109/ISADS.2017.29}
}

@ARTICLE{martins2020,
    author={Martins, Nuno and Cruz, José Magalhães and Cruz, Tiago and Henriques Abreu, Pedro},
    journal={IEEE Access}, 
    title={Adversarial Machine Learning Applied to Intrusion and Malware Scenarios: A Systematic Review}, 
    year={2020},
    volume={8},
    number={},
    pages={35403-35419},
    doi={10.1109/ACCESS.2020.2974752}
}

@ARTICLE{tsai2009,
    title={Intrusion detection by machine learning: A review},
    journal={Expert Systems with Applications},
    volume={36},
    number={10},
    pages={11994-12000},
    year={2009},
    issn={0957-4174},
    doi={https://doi.org/10.1016/j.eswa.2009.05.029},
    url={https://www.sciencedirect.com/science/article/pii/S0957417409004801},
    author={Chih-Fong Tsai and Yu-Feng Hsu and Chia-Ying Lin and Wei-Yang Lin},
}

@INPROCEEDINGS{sayegh2013,
    author={Sayegh, Naoum and Chehab, Ali and Elhajj, Imad H. and Kayssi, Ayman},
    booktitle={2013 Third International Conference on Communications and Information Technology (ICCIT)}, 
    title={Internal security attacks on SCADA systems}, 
    year={2013},
    volume={},
    number={},
    pages={22-27},
    doi={10.1109/ICCITechnology.2013.6579516}
}

@INPROCEEDINGS{teixeira2012,
    author={Teixeira, Andr\'{e} and P\'{e}rez, Daniel and Sandberg, Henrik and Johansson, Karl Henrik},
    title={Attack Models and Scenarios for Networked Control Systems},
    year={2012},
    isbn={9781450312639},
    publisher={Association for Computing Machinery},
    address={New York, NY, USA},
    url={https://doi.org/10.1145/2185505.2185515},
    doi={10.1145/2185505.2185515},
    location={Beijing, China},
    series={HiCoNS '12}
}

@MISC{cert2023,
    title={Relatório de estatísticas - Centro de Estudos, Resposta e Tratamento de Incidentes de Segurança no Brasil},
    url={https://stats.cert.br/incidentes/},
    author={{CERT.br}},
    year={2023},
    urlaccessdate={05 jun. 2023}
}

‌@inproceedings{barford2002,
    author={Barford, Paul and Kline, Jeffery and Plonka, David and Ron, Amos},
    title={A Signal Analysis of Network Traffic Anomalies},
    year={2002},
    isbn={158113603X},
    publisher={Association for Computing Machinery},
    address={New York, NY, USA},
    url={https://doi.org/10.1145/637201.637210},
    doi={10.1145/637201.637210},
    booktitle={Proceedings of the 2nd ACM SIGCOMM Workshop on Internet Measurment},
    pages={71–82},
    numpages={12},
    location={Marseille, France},
    series={IMW '02}
}

@MISC{shirey2007,
    title={Internet Security Glossary - Version 2},
    author={R. Shirey},
    url={https://www.ietf.org/rfc/rfc4949.txt},
    journal={The IETF Trust},
    year={2023},
    urlaccessdate={05 jun. 2023}
}

‌@ARTICLE{simmons2009,
    author={Simmons, Chris and Ellis, Charles and Shiva, S. and Dasgupta, Dipankar and Wu, Chase},
    year={2009},
    month={01},
    pages={},
    title={AVOIDIT: A Cyber Attack Taxonomy}
}

@INPROCEEDINGS{drias2015,
    author={Drias, Zakarya and Serhrouchni, Ahmed and Vogel, Olivier},
    booktitle={2015 International Conference on Protocol Engineering (ICPE) and International Conference on New Technologies of Distributed Systems (NTDS)}, 
    title={Taxonomy of attacks on industrial control protocols}, 
    year={2015},
    volume={},
    number={},
    pages={1-6},
    doi={10.1109/NOTERE.2015.7293513}
}

@INPROCEEDINGS{neu2019,
    author={Neu, Charles Varlei and Schiering, Ina and Zorzo, Avelino},
    title={Simulating and Detecting Attacks of Untrusted Clients in OPC UA Networks},
    year={2019},
    isbn={9781450372961},
    publisher={Association for Computing Machinery},
    address={New York, NY, USA},
    url={https://doi.org/10.1145/3360664.3360675},
    doi={10.1145/3360664.3360675},
    booktitle={Proceedings of the Third Central European Cybersecurity Conference},
    articleno={11},
    numpages={6},
    location={Munich, Germany},
    series={CECC 2019}
}

@INPROCEEDINGS{wenli2015,
    author={Wenli Shang and Lin Li and Ming Wan and Peng Zeng},
    booktitle={2015 World Congress on Industrial Control Systems Security (WCICSS)}, 
    title={Industrial communication intrusion detection algorithm based on improved one-class SVM}, 
    year={2015},
    volume={},
    number={},
    pages={21-25},
    doi={10.1109/WCICSS.2015.7420317}
}

@INPROCEEDINGS{shang2016,
    author={Shang, Wenli and Cui, Junrong and Wan, Ming and An, Panfeng and Zeng, Peng},
    year={2016},
    month={11},
    pages={80-85},
    title={Modbus Communication Behavior Modeling and SVM Intrusion Detection Method},
    doi={10.1145/3017971.3017978}
}

@ARTICLE{buczak2016,
    author={Buczak, Anna L. and Guven, Erhan},
    journal={IEEE Communications Surveys \& Tutorials}, 
    title={A Survey of Data Mining and Machine Learning Methods for Cyber Security Intrusion Detection}, 
    year={2016},
    volume={18},
    number={2},
    pages={1153-1176},
    doi={10.1109/COMST.2015.2494502}
}

@INPROCEEDINGS{shirazi2016,
    author={Shirazi, Syed Noorulhassan and Gouglidis, Antonios and Syeda, Kanza Noor and Simpson, Steven and Mauthe, Andreas and Stephanakis, Ioannis M. and Hutchison, David},
    booktitle={2016 Resilience Week (RWS)}, 
    title={Evaluation of Anomaly Detection techniques for SCADA communication resilience}, 
    year={2016},
    volume={},
    number={},
    pages={140-145},
    doi={10.1109/RWEEK.2016.7573322}
}

@INPROCEEDINGS{vavra2017,
    author={Vávra, Jan and Hromada, Martin},
    booktitle={2017 International Conference on Military Technologies (ICMT)}, 
    title={Evaluation of anomaly detection based on classification in relation to SCADA}, 
    year={2017},
    volume={},
    number={},
    pages={330-334},
    doi={10.1109/MILTECHS.2017.7988779}
}

@INBOOK{qu2018,
    author={Qu, Haicheng and Jitao, Qin and Liu, Wanjun and Chen, Hao},
    year={2018},
    month={01},
    pages={437-454},
    title={Instruction Detection in SCADA/Modbus Network Based on Machine Learning},
    isbn={978-3-319-73446-0},
    doi={10.1007/978-3-319-73447-7_48}
}

@INPROCEEDINGS{nguyen2018,
    author={Nguyen, Quoc Thong and Phuc Tran, Kim and Castagliola, Philippe and Thu Huong, Truong and Nguyen, Minh Kha and Lardjane, Salim},
    booktitle={2018 IEEE Seventh International Conference on Communications and Electronics (ICCE)}, 
    title={Nested One-Class Support Vector Machines for Network Intrusion Detection}, 
    year={2018},
    volume={},
    number={},
    pages={7-12},
    doi={10.1109/CCE.2018.8465718}
}

@INPROCEEDINGS{dias2021,
    author={Dias, Andre Luis and da Silva, Jonathan Tobias and Turcato, Afonso Celso and Sestito, Guilherme Serpa},
    booktitle={2021 14th IEEE International Conference on Industry Applications (INDUSCON)}, 
    title={An intelligent fault diagnosis for centrifugal pumps based on electric current information available in industrial communication networks}, 
    year={2021},
    volume={},
    number={},
    pages={102-109},
    doi={10.1109/INDUSCON51756.2021.9529678}
}

@INPROCEEDINGS{luo2020,
    author={Luo, Zhiyong and Zhang, Xue},
    booktitle={2020 IEEE International Conference on Information Technology,Big Data and Artificial Intelligence (ICIBA)}, 
    title={Research on OPC UA Security Encryption Method}, 
    year={2020},
    volume={1},
    number={},
    pages={287-292},
    doi={10.1109/ICIBA50161.2020.9276932}
}

@INPROCEEDINGS{kohnhauser2022,
    author={Kohnhäuser, Florian and Grüner, Sten and Heuschkel, Jens},
    booktitle={2022 IEEE 27th International Conference on Emerging Technologies and Factory Automation (ETFA)}, 
    title={Secure Onboarding of IIoT Devices using OPC UA}, 
    year={2022},
    volume={},
    number={},
    pages={1-4},
    doi={10.1109/ETFA52439.2022.9921547}
}

@INPROCEEDINGS{muhlbauer2020,
    author={Mühlbauer, Nikolas and Kirdan, Erkin and Pahl, Marc-Oliver and Carle, Georg},
    booktitle={2020 25th IEEE International Conference on Emerging Technologies and Factory Automation (ETFA)}, 
    title={Open-Source OPC UA Security and Scalability}, 
    year={2020},
    volume={1},
    number={},
    pages={262-269},
    doi={10.1109/ETFA46521.2020.9212091}
}

@ARTICLE{mishra2019,
    author={Mishra, Preeti and Varadharajan, Vijay and Tupakula, Uday and Pilli, Emmanuel S.},
    journal={IEEE Communications Surveys \& Tutorials}, 
    title={A Detailed Investigation and Analysis of Using Machine Learning Techniques for Intrusion Detection}, 
    year={2019},
    volume={21},
    number={1},
    pages={686-728},
    doi={10.1109/COMST.2018.2847722}
}

@ARTICLE{pinto2022,
    author={Pinto, Rui and Gonçalves, Gil and Delsing, Jerker and Tovar, Eduardo},
    title={Enabling data-driven anomaly detection by design in cyber-physical production systems},
    year={2022},
    journal={Cybersecurity},
    volume={5},
    number={1},
    doi={10.1186/s42400-022-00114-z},
    url={https://www.scopus.com/inward/record.uri?eid=2-s2.0-85129153861&doi=10.1186\%2fs42400-022-00114-z&partnerID=40&md5=7d154821ab6a047b98124ff5e6509453},
    type={Article},
    publication_stage={Final},
    source={Scopus},
    note={Cited by: 2; All Open Access, Gold Open Access}
}

@ARTICLE{domingos2012,
    author={Domingos, Pedro},
    title={A Few Useful Things to Know about Machine Learning},
    year={2012},
    issue_date={October 2012},
    publisher={Association for Computing Machinery},
    address={New York, NY, USA},
    volume={55},
    number={10},
    issn={0001-0782},
    url={https://doi.org/10.1145/2347736.2347755},
    doi={10.1145/2347736.2347755},
    abstract={Tapping into the "folk knowledge" needed to advance machine learning applications.},
    journal={Commun. ACM},
    month={oct},
    pages={78–87},
    numpages={10}
}

@BOOK{silva2016,
    title={Artificial Neural Networks: A Practical Course},
    ISBN={978-3-319-43162-8},
    url={https://link.springer.com/book/10.1007/978-3-319-43162-8},
    DOI={https://doi.org/10.1007-978-3-319-43162-8},
    journal={Springer},
    publisher={Springer International Publishing},
    author={Silva, Ivan Nunes da and Danilo Hernane Spatti and Rogerio Andrade Flauzino and Luisa Helena Bartocci Liboni and Silas Franco dos Reis Alves},
    year={2016}
}

@INPROCEEDINGS{fewzee2012,
    author={Fewzee, Pouria e Karray, Fakhri},
    booktitle={2012 International Conference on Privacy, Security, Risk and Trust and 2012 International Confernece on Social Computing}, 
    title={Dimensionality Reduction for Emotional Speech Recognition}, 
    year={2012},
    pages={532-537},
}

@ARTICLE{silva2021,
    title={A review of different dimensionality reduction methods for the prediction of sugar content from hyperspectral images of wine grape berries},
    journal={Applied Soft Computing},
    volume={113},
    pages={107889},
    year={2021},
    issn={1568-4946},
    doi={https://doi.org/10.1016/j.asoc.2021.107889},
    url={https://www.sciencedirect.com/science/article/pii/S1568494621008115},
    author={Rui Silva and Pedro Melo-Pinto},
    keywords={Dimensionality reduction, Hyperspectral reflectance imaging, Regression, Neural networks, Autoencoders},
}

@INPROCEEDINGS{engel2011,
    title={A Survey of Dimension Reduction Methods for High-dimensional Data Analysis and Visualization},
    author={Daniel Engel and Lars H{\"u}ttenberger and Bernd Hamann},
    booktitle={VLUDS},
    year={2011}
}
‌
@BOOK{witten2016,
    title={Data Mining: Practical Machine Learning Tools and Techniques},
    author={Witten, I.H. and Frank, E. and Hall, M.A. and Pal, C.J.},
    isbn={9780128043578},
    series={The Morgan Kaufmann Series in Data Management Systems},
    url={https://books.google.com.br/books?id=1SylCgAAQBAJ},
    year={2016},
    publisher={Elsevier Science}
}

@PHDTHESIS{liboni2017,
    author={Luisa Helena Bartocci Liboni}, 
    title={Diagnóstico de Falhas em Motores de Indução Trifásicos Baseado em Decomposição em Componentes Ortogonais e Aprendizagem de Máquinas},
    school={Escola de Engenharia de São Carlos},
    year={2017},
    address={Universidade de São Paulo, São Carlos},
    doi={doi:10.11606/T.18.2017.tde-30062017-091155}
}

@INPROCEEDINGS{hall1999,
    author={Hall, Mark A. and Smith, Lloyd A.},
    title={Feature Selection for Machine Learning: Comparing a Correlation-Based Filter Approach to the Wrapper},
    year={1999},
    isbn={1577350804},
    publisher={AAAI Press},
    booktitle={Proceedings of the Twelfth International Florida Artificial Intelligence Research Society Conference},
    pages={235–239},
    numpages={5}
}

@INPROCEEDINGS{hostiadi2022,
    author={Hostiadi, Dandy Pramana and Atmojo, Yohanes Priyo and Huizen, Roy Rudolf and Susila, I Made Darma and Pradipta, Gede Angga and Liandana, I Made},
    booktitle={2022 4th International Conference on Cybernetics and Intelligent System (ICORIS)}, 
    title={A New Approach Feature Selection for Intrusion Detection System Using Correlation Analysis}, 
    year={2022},
    volume={},
    number={},
    pages={1-6},
    doi={10.1109/ICORIS56080.2022.10031468}
}

@INPROCEEDINGS{lee2017,
    author={Lee, Yong Oh and Jo, Jun and Hwang, Jongwoon},
    booktitle={2017 IEEE International Conference on Big Data (Big Data)}, 
    title={Application of deep neural network and generative adversarial network to industrial maintenance: A case study of induction motor fault detection}, 
    year={2017},
    volume={},
    number={},
    pages={3248-3253},
    doi={10.1109/BigData.2017.8258307}
}

@ARTICLE{krawczyk2016,
    author={Krawczyk, Bartosz},
    title={Learning from imbalanced data: open challenges and future directions},
    journal={Progress in Artificial Intelligence},
    year={2016},
    month={Nov},
    day={01},
    volume={5},
    number={4},
    pages={221-232},
    issn={2192-6360},
    doi={10.1007/s13748-016-0094-0},
    url={https://doi.org/10.1007/s13748-016-0094-0}
}

@ARTICLE{he2009,
    author={He, Haibo and Garcia, Edwardo A.},
    journal={IEEE Transactions on Knowledge and Data Engineering}, 
    title={Learning from Imbalanced Data}, 
    year={2009},
    volume={21},
    number={9},
    pages={1263-1284},
    doi={10.1109/TKDE.2008.239}
}

@INPROCEEDINGS{vasoya2020,
    author={Vasoya, Shreya and Patel, Nishi and Ramoliya, Dipak and Patel, Khushi},
    booktitle={2020 3rd International Conference on Intelligent Sustainable Systems (ICISS)}, 
    title={Potentials of Machine Learning for Data analysis in IoT: A Detailed Survey}, 
    year={2020},
    volume={},
    number={},
    pages={291-296},
    doi={10.1109/ICISS49785.2020.9316074}
}

@ARTICLE{blagus2013,
    author={Blagus, Rok
    and Lusa, Lara},
    title={SMOTE for high-dimensional class-imbalanced data},
    journal={BMC Bioinformatics},
    year={2013},
    month={Mar},
    day={22},
    volume={14},
    number={1},
    pages={106},
    issn={1471-2105},
    doi={10.1186/1471-2105-14-106},
    url={https://doi.org/10.1186/1471-2105-14-106}
}

@ARTICLE{li2020b,
    title={Deep representation clustering-based fault diagnosis method with unsupervised data applied to rotating machinery},
    journal={Mechanical Systems and Signal Processing},
    volume={143},
    pages={106825},
    year={2020},
    issn={0888-3270},
    doi={https://doi.org/10.1016/j.ymssp.2020.106825},
    url={https://www.sciencedirect.com/science/article/pii/S0888327020302119},
    author={Xiang Li and Xu Li and Hui Ma},
}

@BOOK{silva2010,
    title={Redes Neurais Artificiais para Engenharia e Ciências Aplicadas},
    author={DA SILVA, I.N. and SPATTI, D.H. and FLAUZINO, R.A.},
    isbn={9788588098534},
    url={https://books.google.com.br/books?id=w2VHbwAACAAJ},
    publisher={ARTLIBER},
    year={2010}
}

@PHDTHESIS{almeida2002,
    author={Marcelo Barros de Almeida}, 
    title={Treinamento de Svms Utilizando Reamostragem Baseada Em Erro e Estratégias A Priori de Seleção de Amostras},
    school={Departamento de Engenharia Elétrica},
    year={2002},
    address={Universidade Federal de Minas Gerais, Campus Pampulha},
    url={https://www.ppgee.ufmg.br/defesas/633D.PDF}
}

@PHDTHESIS{dias2019,
    author={André Luis Dias}, 
    title={Diagnóstico de Anomalias em Aplicações de Acionamento de Motores Elétricos a Partir de Dados de Processo de Rede PROFINET e Aprendizagem de Máquinas},
    school={Escola de Engenharia de São Carlos},
    year={2019},
    address={Universidade de São Paulo, São Carlos},
    doi={https://doi.org/10.11606/T.18.2019.tde-10092019-104345},
}

@BOOK{ghorbani2010,
    title={Network intrusion detection and prevention: concepts and techniques},
    author={Ghorbani, Ali A and Lu, Wei and Tavallaee, Mahbod},
    volume={47},
    year={2010},
    publisher={Springer Science \& Business Media}
}

@INPROCEEDINGS{bishop1999,
    title={Vulnerabilities analysis},
    author={Bishop, Matt},
    booktitle={Proceedings of the Recent Advances in intrusion Detection},
    pages={125--136},
    year={1999},
    organization={Citeseer}
}

@BOOK{dowd2006,
    title={The Art of Software Security Assessment: Identifying and Preventing Software Vulnerabilities},
    author={Dowd, M. and McDonald, J. and Schuh, J.},
    isbn={9780132701938},
    lccn={2006023446},
    url={https://books.google.com.br/books?id=t2yA8vtfxDsC},
    year={2006},
    publisher={Pearson Education}
}

@ARTICLE{ghaffarian2017,
    author={Ghaffarian, Seyed Mohammad and Shahriari, Hamid Reza},
    title={Software Vulnerability Analysis and Discovery Using Machine-Learning and Data-Mining Techniques: A Survey},
    year={2017},
    issue_date={July 2018},
    publisher={Association for Computing Machinery},
    address={New York, NY, USA},
    volume={50},
    number={4},
    issn={0360-0300},
    url={https://doi.org/10.1145/3092566},
    doi={10.1145/3092566},
    journal={ACM Comput. Surv.},
    month={aug},
    articleno={56},
    numpages={36},
}

@ARTICLE{shin2022,
    title="Vulnerabilities of the Open Platform Communication Unified Architecture Protocol in Industrial Internet of Things Operation",
    author="Shin, Dong-Hyuk and Kim, Ga-Yeong and Euom, Ieck-Chae",
    journal="Sensors (Basel)",
    volume=22,
    number=17,
    month=aug,
    year=2022,
    address="Switzerland",
    language="en"
}

@ARTICLE{cekerevac2017,
    author={Cekerevac, Zoran and Dvorak, Zdenek and Prigoda, L. and Čekerevac, Petar},
    year={2017},
    month={07},
    pages={15-5},
    title={INTERNET OF THINGS AND THE MAN-IN-THE-MIDDLE ATTACKS – SECURITY AND ECONOMIC RISKS},
    volume={5},
    journal={MEST Journal},
    doi={10.12709/mest.05.05.02.03}
}

@ARTICLE{matrikon2019,
    author={Matrikon and Beeond Incorporated},
    year={2019},
    month={09},
    title={Practical OPC UA Security - What You Need to Know},
    publisher={Honeywell International \& Beeond, Inc},
    url={https://beeond.net/wp-content/uploads/2019/09/Beeond-EBOOK-OPC-UA-Security-Overview-Every-Mans-Guide-series.pdf},
    urlaccessdate={08 ago. 2023},
}

@BOOK{mahnke2009,
    title={OPC Unified Architecture},
    author={Mahnke, W. and Leitner, S.H. and Damm, M.},
    isbn={9783540688990},
    lccn={2008941149},
    series={SpringerLink: Springer e-Books},
    url={https://books.google.com.br/books?id=de9uLdXKj1IC},
    year={2009},
    publisher={Springer Berlin Heidelberg}
}

@ARTICLE{bsi2017,
    author={German Federal Office for Information Security (BSI)},
    title={OPC UA Security Analysis},
    year=2017,
    url={https://meriva.pucrs.br/dspace/bitstream/10923/17576/2/Simulating_and_Detecting_Attacks_of_Untrusted_Clients_in_OPC_UA_Networks.pdf},
    urlaccessdate={17 ago. 2023},
}

@ARTICLE{roepert2020,
    author={Linus Roepert and Markus Dahlmanns and Ina Berenice Fink and Jan Pennekamp and Martin Henze},
    title={Assessing the Security of {OPC} {UA} Deployments},
    journal={CoRR},
    volume={abs/2003.12341},
    year={2020},
    url={https://arxiv.org/abs/2003.12341},
    eprinttype={arXiv},
    eprint={2003.12341},
    timestamp={Thu, 14 Oct 2021 09:14:47 +0200},
    biburl={https://dblp.org/rec/journals/corr/abs-2003-12341.bib},
    bibsource={dblp computer science bibliography, https://dblp.org}
}

@INPROCEEDINGS{polge2019,
    author={Polge, Julien and Robert, Jeremy and Traon, Yves Le},
    booktitle={2019 16th IEEE Annual Consumer Communications \& Networking Conference (CCNC)}, 
    title={Assessing the impact of attacks on OPC-UA applications in the Industry 4.0 era}, 
    year={2019},
    volume={},
    number={},
    pages={1-6},
    doi={10.1109/CCNC.2019.8651671}
}

@INPROCEEDINGS{puys2016,
    author="Puys, Maxime and Potet, Marie-Laure and Lafourcade, Pascal",
    editor="Skavhaug, Amund and Guiochet, J{\'e}r{\'e}mie and Bitsch, Friedemann",
    title="Formal Analysis of Security Properties on the OPC-UA SCADA Protocol",
    booktitle="Computer Safety, Reliability, and Security",
    year="2016",
    publisher="Springer International Publishing",
    address="Cham",
    pages="67--75",
    abstract="Industrial systems are publicly the target of cyberattacks since Stuxnet [1]. Nowadays they are increasingly communicating over insecure media such as Internet. Due to their interaction with the real world, it is crucial to prove the security of their protocols. In this paper, we formally study the security of one of the most used industrial protocols: OPC-UA. Using ProVerif, a well known cryptographic protocol verification tool, we are able to check secrecy and authentication properties. We find several attacks on the protocols and provide countermeasures.",
    isbn="978-3-319-45477-1"
}

@MISC{kaspersky2018,
    title={OPC UA security analysis},
    author={Pavel Cheremushkin and Sergey Temnikov},
    journal={Kaspersky},
    url={https://securelist.com/opc-ua-security-analysis/85424/},
    year={2018},
    month={may},
    urlaccessdate={05 set. 2023}
}

@MISC{varadarajan2022,
    title={Security Analysis of OPC UA in Automation Systems for IIoT},
    author={Vaishnavi Varadarajan},
    url={https://kth.diva-portal.org/smash/get/diva2:1653807/FULLTEXT01.pdf},
    year={2022},
    urlaccessdate={06 set. 2023}
}

@INPROCEEDINGS{hildebrandt2020,
    author={Hildebrandt, Mario and Lamsh\"{o}ft, Kevin and Dittmann, Jana and Neubert, Tom and Vielhauer, Claus},
    title={Information Hiding in Industrial Control Systems: An OPC UA Based Supply Chain Attack and Its Detection},
    year={2020},
    isbn={9781450370509},
    publisher={Association for Computing Machinery},
    address={New York, NY, USA},
    url={https://doi.org/10.1145/3369412.3395068},
    doi={10.1145/3369412.3395068},
    booktitle={Proceedings of the 2020 ACM Workshop on Information Hiding and Multimedia Security},
    pages={115–120},
    numpages={6},
    location={Denver, CO, USA},
    series={IH\&MMSec '20}
}

‌@MISC{claroty2023,
    title={OPC UA Deep Dive Series: A One-of-a-Kind OPC UA Exploit Framework},
    author={Sharon Brizinov and Uri Katz},
    journal={Claroty - Team82 Research},
    url={https://claroty.com/team82/research/opc-ua-deep-dive-series-a-one-of-a-kind-opc-ua-exploit-framework},
    year={2023},
    month={aug},
    urlaccessdate={07 set. 2023}
}

@INPROCEEDINGS{daSilva2023,
    author={Da Silva, Jonathan Tobias and Dias, Andre Luis and Da Silva, Ivan Nunes},
    booktitle={2023 15th IEEE International Conference on Industry Applications (INDUSCON)}, 
    title={A Survey on OPC UA Protocol: Overview, Challenges and Opportunities}, 
    year={2023},
    volume={},
    number={},
    pages={1523-1530},
    keywords={Surveys;Protocols;Systematics;Wireless networks;System performance;Reliability engineering;Security;Survey;OPC UA;Industrial Internet of Things;Internet of Things},
    doi={10.1109/INDUSCON58041.2023.10375053}
}

@book{knapp2024,
    author={Knapp, Eric D.},
    title={Industrial Network Security: Securing Critical Infrastructure Networks for Smart Grid, SCADA, and Other Industrial Control Systems},
    year={2024},
    isbn={9780443137372},
    publisher={Syngress Publishing},
    edition={3rd},
}

