@INPROCEEDINGS{neu2019,
    author={Neu, Charles Varlei and Schiering, Ina and Zorzo, Avelino},
    title={Simulating and Detecting Attacks of Untrusted Clients in OPC UA Networks},
    year={2019},
    isbn={9781450372961},
    publisher={Association for Computing Machinery},
    address={New York, NY, USA},
    url={https://doi.org/10.1145/3360664.3360675},
    doi={10.1145/3360664.3360675},
    booktitle={Proceedings of the Third Central European Cybersecurity Conference},
    articleno={11},
    numpages={6},
    location={Munich, Germany},
    series={CECC 2019}
}

@MISC{varadarajan2022,
    title={Security Analysis of OPC UA in Automation Systems for IIoT},
    author={Vaishnavi Varadarajan},
    url={https://kth.diva-portal.org/smash/get/diva2:1653807/FULLTEXT01.pdf},
    year={2022},
    urlaccessdate={06 set. 2023}
}

@ARTICLE{shin2022,
    title="Vulnerabilities of the Open Platform Communication Unified Architecture Protocol in Industrial Internet of Things Operation",
    author="Shin, Dong-Hyuk and Kim, Ga-Yeong and Euom, Ieck-Chae",
    journal="Sensors (Basel)",
    volume=22,
    number=17,
    month=aug,
    year=2022,
    address="Switzerland",
    language="en"
}