@PHDTHESIS{turcato2020,
    author={Afonso Celso Turcato}, 
    title={Desenvolvimento de método para detecção de intrusão em redes PROFINET baseado em técnicas de Aprendizado de Máquina},
    school={Escola de Engenharia de São Carlos},
    year={2020},
    address={Universidade de São Paulo, São Carlos},
    note={Tese (Doutorado em Sistemas Dinâmicos)},
    doi={doi:10.11606/T.18.2020.tde-16072021-172236}
}

@INPROCEEDINGS{anton2019,
    author={Anton, Simon D. Duque and Sinha, Sapna and Dieter Schotten, Hans},
    booktitle={2019 International Conference on Software, Telecommunications and Computer Networks (SoftCOM)}, 
    title={Anomaly-based Intrusion Detection in Industrial Data with SVM and Random Forests}, 
    year={2019},
    volume={},
    number={},
    pages={1-6},
    doi={10.23919/SOFTCOM.2019.8903672}
}

@INPROCEEDINGS{pinto2020,
    author={Pinto, Rui and Gonçalves, Gil and Tovar, Eduardo and Delsing, Jerker},
    booktitle={2020 25th IEEE International Conference on Emerging Technologies and Factory Automation (ETFA)}, 
    title={Attack Detection in Cyber-Physical Production Systems using the Deterministic Dendritic Cell Algorithm}, 
    year={2020},
    volume={1},
    number={},
    pages={1552-1559},
    doi={10.1109/ETFA46521.2020.9212021}
}